@article{kamedulska_toward_2022,
author = {Kamedulska, Agnieszka and Kubik, Łukasz and Jacyna, Julia and Struck-Lewicka, Wiktoria and Markuszewski, Michał J. and Wiczling, Paweł},
title = {Toward the General Mechanistic Model of Liquid Chromatographic Retention},
journal = {Analytical Chemistry},
volume = {94},
number = {31},
pages = {11070-11080},
year = {2022},
doi = {10.1021/acs.analchem.2c02034},
note ={PMID: 35903961},
URL = {https://doi.org/10.1021/acs.analchem.2c02034},
eprint = {https://doi.org/10.1021/acs.analchem.2c02034}
}

@article{kamedulska_statistical_2022,
author = {Kamedulska, Agnieszka and Kubik, Łukasz and Wiczling, Paweł},
title = {Statistical analysis of isocratic chromatographic data using Bayesian modeling},
journal = {Analytical and Bioanalytical Chemistry},
volume = {414},
number = {11},
pages = {3471-348},
year = {2022},
doi = {10.1007/s00216-022-03968-x},
note ={PMID: 35347353},
URL = {https://doi.org/10.1007/s00216-022-03968-x},
eprint = {https://doi.org/10.1007/s00216-022-03968-x}
}

@article{wiczling_application_2021,
author = {Wiczling, Paweł and Kamedulska, Agnieszka and Kubik, Łukasz},
title = {Application of Bayesian Multilevel Modeling in the Quantitative Structure–Retention Relationship Studies of Heterogeneous Compounds},
journal = {Analytical Chemistry},
volume = {93},
number = {18},
pages = {6961-6971},
year = {2021},
doi = {10.1021/acs.analchem.0c05227},
    note ={PMID: 33905658},
URL = { https://doi.org/10.1021/acs.analchem.0c05227},
eprint = { https://doi.org/10.1021/acs.analchem.0c05227}
}

@article{kubik_analysis_2018,
	title = {Analysis of {Isocratic}-{Chromatographic}-{Retention} {Data} using {Bayesian} {Multilevel} {Modeling}},
	volume = {90},
	issn = {1520-6882},
	doi = {10.1021/acs.analchem.8b04033},
	language = {eng},
	number = {22},
	journal = {Analytical Chemistry},
	author = {Kubik, Łukasz and Kaliszan, Roman and Wiczling, Paweł},
	month = nov,
	year = {2018},
	pmid = {30335375},
	pages = {13670--13679},
}


@article{kubik_XBridgeC18_2022,
	title = {LC-TOF-MS data collected for 300 small molecules. XBridge Shield RP18 column},
	volume = {1},
	doi = {10.17605/OSF.IO/ZQTJ7},
	language = {eng},
	number = {1},
	journal = {osf.io/},
	author = {Kubik, Łukasz and Jacyna, Julia and Struck-Lewicka, Wiktoria and Markuszewski, Michał J. and Wiczling, Paweł},
	year = {2022},
	pages = {1},
}

@article{kubik_XterraC18_2022,
	title = {LC-TOF-MS data collected for 300 small molecules. XTerra MS C18 column},
	volume = {1},
	doi = {10.17605/OSF.IO/QBV7J},
	language = {eng},
	number = {1},
	journal = {osf.io/},
	author = {Kubik, Łukasz and Jacyna, Julia and Struck-Lewicka, Wiktoria and Markuszewski, Michał J. and Wiczling, Paweł},
	year = {2022},
	pages = {1},
}

@article{kubik_XTerraC8_2022,
	title = { LC-TOF-MS data collected for 300 small molecules. XTerra-C8 column},
	volume = {1},
	doi = {10.17605/OSF.IO/2MCNW},
	language = {eng},
	number = {1},
	journal = {osf.io/},
	author = {Kubik, Łukasz and Jacyna, Julia and Struck-Lewicka, Wiktoria and Markuszewski, Michał J. and Wiczling, Paweł},
	year = {2022},
	pages = {1},
}

@article{kubik_XBridgePhenyl_2022,
	title = { LC-TOF-MS data collected for 300 small molecules.XBridge Phenyl column},
	volume = {1},
	doi = {10.17605/OSF.IO/EVUJ9},
	language = {eng},
	number = {1},
	journal = {osf.io/},
	author = {Kubik, Łukasz and Jacyna, Julia and Struck-Lewicka, Wiktoria and Markuszewski, Michał J. and Wiczling, Paweł},
	year = {2022},
	pages = {1},
}

@article{kubik_XBridgeC8_2022,
	title = {LC-TOF-MS data collected for 300 small molecules. XBridge-C8 column},
	volume = {1},
	doi = {10.17605/OSF.IO/Y6S8P},
	language = {eng},
	number = {1},
	journal = {osf.io/},
	author = {Kubik, Łukasz and Jacyna, Julia and Struck-Lewicka, Wiktoria and Markuszewski, Michał J. and Wiczling, Paweł},
	year = {2022},
	pages = {1},
}

@article{nikitas_new_2002,
	title = {New equations describing the combined effect of {pH} and organic modifier concentration on the retention in reversed-phase liquid chromatography},
	volume = {971},
	issn = {0021-9673},
	doi = {10.1016/s0021-9673(02)00965-2},
	language = {eng},
	number = {1-2},
	journal = {Journal of Chromatography. A},
	author = {Nikitas, P. and Pappa-Louisi, A.},
	month = sep,
	year = {2002},
	pmid = {12350125},
	keywords = {Chromatography, Liquid, Hydrogen-Ion Concentration, Organic Chemicals},
	pages = {47--60},
}

@article{nikitas_20091737,
title = {Retention models for isocratic and gradient elution in reversed-phase liquid chromatography},
journal = {Journal of Chromatography A},
volume = {1216},
number = {10},
pages = {1737-1755},
year = {2009},
note = {Retention Mechanisms in Chromatography and Electrophoresis},
issn = {0021-9673},
doi = {https://doi.org/10.1016/j.chroma.2008.09.051},
url = {https://www.sciencedirect.com/science/article/pii/S0021967308015987},
author = {P. Nikitas and A. Pappa-Louisi},
keywords = {Liquid chromatography, Retention models, Exo-thermodynamic relationships},
}

@article{BOSWELL20116732,
title = {A study on retention “projection” as a supplementary means for compound identification by liquid chromatography–mass spectrometry capable of predicting retention with different gradients, flow rates, and instruments},
journal = {Journal of Chromatography A},
volume = {1218},
number = {38},
pages = {6732-6741},
year = {2011},
issn = {0021-9673},
doi = {https://doi.org/10.1016/j.chroma.2011.07.105},
url = {https://www.sciencedirect.com/science/article/pii/S0021967311011447},
author = {Paul G. Boswell and Jonathan R. Schellenberg and Peter W. Carr and Jerry D. Cohen and Adrian D. Hegeman},
keywords = {Retention prediction, Chemical identification, Isocratic to gradient conversion, Retention projection, Gradient profile, Cross-instrument},
}

@article{BOSWELL20116742,
title = {Easy and accurate high-performance liquid chromatography retention prediction with different gradients, flow rates, and instruments by back-calculation of gradient and flow rate profiles},
journal = {Journal of Chromatography A},
volume = {1218},
number = {38},
pages = {6742-6749},
year = {2011},
issn = {0021-9673},
doi = {https://doi.org/10.1016/j.chroma.2011.07.070},
url = {https://www.sciencedirect.com/science/article/pii/S0021967311011095},
author = {Paul G. Boswell and Jonathan R. Schellenberg and Peter W. Carr and Jerry D. Cohen and Adrian D. Hegeman},
}


@software{greg_landrum_2025_15773589,
  author       = {Greg Landrum and
                  Paolo Tosco and
                  Brian Kelley and
                  Ricardo Rodriguez and
                  David Cosgrove and
                  Riccardo Vianello and
                  sriniker and
                  Peter Gedeck and
                  Gareth Jones and
                  Eisuke Kawashima and
                  NadineSchneider and
                  Dan Nealschneider and
                  Andrew Dalke and
                  Matt Swain and
                  Brian Cole and
                  tadhurst-cdd and
                  Samo Turk and
                  Aleksandr Savelev and
                  Alain Vaucher and
                  Maciej Wójcikowski and
                  Ichiru Take and
                  Rachel Walker and
                  Vincent F. Scalfani and
                  Hussein Faara and
                  Kazuya Ujihara and
                  Daniel Probst and
                  Niels Maeder and
                  Jeremy Monat and
                  Juuso Lehtivarjo and
                  guillaume godin},
  title        = {rdkit/rdkit: 2025\_03\_4 (Q1 2025) Release},
  month        = jun,
  year         = 2025,
  publisher    = {Zenodo},
  version      = {Release\_2025\_03\_4},
  doi          = {10.5281/zenodo.15773589},
  url          = {https://doi.org/10.5281/zenodo.15773589},
  swhid        = {swh:1:dir:02b65f4b019a1a06889c493a5f95f5ba6235ae0e
                   ;origin=https://doi.org/10.5281/zenodo.591637;visi
                   t=swh:1:snp:27491721f1de415a2162580862dfdc79ec4fd5
                   26;anchor=swh:1:rel:9398f3865b1768f6081e936ac0b7fb
                   7ca7e0970f;path=rdkit-rdkit-276b5a6
                  },
}